

@url{MapRando:2024,
	lastchecked = {August 3rd, 2024},
	title = {Super Metroid Map Rando},
	urldate = {August 3rd, 2024}}

@url{RacetimeSMR:2024,
	lastchecked = {August 3rd, 2024},
	title = {Super Metroid Randomizer | racetime.gg},
	urldate = {August 3rd, 2024}}
